<record><leader>00000cas a2200000 i 4500</leader><controlfield tag="001">862154456</controlfield><controlfield tag="006">m     o  d        </controlfield><controlfield tag="007">cr |||||||||||</controlfield><controlfield tag="008">131106d18751910wauwr neo     0   a0eng  </controlfield><datafield ind1=" " ind2=" " tag="010"><subfield code="a">  2013272067</subfield></datafield><datafield ind1=" " ind2=" " tag="040"><subfield code="a">DLC</subfield><subfield code="b">eng</subfield><subfield code="e">rda</subfield><subfield code="c">DLC</subfield><subfield code="d">DLC</subfield><subfield code="d">OCLCF</subfield></datafield><datafield ind1="0" ind2=" " tag="022"><subfield code="a">2331-9666</subfield><subfield code="2">1</subfield></datafield><datafield ind1=" " ind2=" " tag="042"><subfield code="a">pcc</subfield><subfield code="a">nsdp</subfield></datafield><datafield ind1=" " ind2=" " tag="043"><subfield code="a">n-us-wa</subfield></datafield><datafield ind1="1" ind2="0" tag="050"><subfield code="a">ISSN RECORD</subfield></datafield><datafield ind1="0" ind2="0" tag="082"><subfield code="a">071</subfield><subfield code="2">23</subfield></datafield><datafield ind1="0" ind2=" " tag="130"><subfield code="a">Vancouver independent (Online)</subfield></datafield><datafield ind1=" " ind2="4" tag="222"><subfield code="a">The Vancouver independent</subfield><subfield code="b">(Online)</subfield></datafield><datafield ind1="1" ind2="4" tag="245"><subfield code="a">The Vancouver independent.</subfield></datafield><datafield ind1=" " ind2="1" tag="264"><subfield code="a">Vancouver, Wash. Ter. [i.e. Washington] :</subfield><subfield code="b">The Independent Publishing Company,</subfield><subfield code="c">1875-</subfield></datafield><datafield ind1=" " ind2=" " tag="310"><subfield code="a">Weekly</subfield></datafield><datafield ind1=" " ind2=" " tag="336"><subfield code="a">text</subfield><subfield code="b">txt</subfield><subfield code="2">rdacontent</subfield></datafield><datafield ind1=" " ind2=" " tag="337"><subfield code="a">unmediated</subfield><subfield code="b">n</subfield><subfield code="2">rdamedia</subfield></datafield><datafield ind1=" " ind2=" " tag="338"><subfield code="a">volume</subfield><subfield code="b">nc</subfield><subfield code="2">rdacarrier</subfield></datafield><datafield ind1="1" ind2=" " tag="362"><subfield code="a">Began with Vol. 1, no. 1 (Sept. 4, 1875); ceased in 1910.</subfield></datafield><datafield ind1=" " ind2=" " tag="500"><subfield code="a">Publisher: W.B. Daniels, 1876-1878.</subfield></datafield><datafield ind1=" " ind2=" " tag="500"><subfield code="a">Editors: W.B. Daniels, 1875-1878; J.J. Beeson, &lt;1884&gt;.</subfield></datafield><datafield ind1=" " ind2=" " tag="580"><subfield code="a">Merged with: Vancouver chronicle (Vancouver, Wash. : 1905), to form: Vancouver independent chronicle.</subfield></datafield><datafield ind1=" " ind2=" " tag="588"><subfield code="a">Description based on: Vol. 1, no. 1 (Sept. 4, 1875); title from masthead (Chroniclingamerica.loc.gov, viewed November 6, 2013).</subfield></datafield><datafield ind1=" " ind2=" " tag="588"><subfield code="a">Latest issue consulted: Volume 9, number 32 (March 27, 1884) (Chroniclingamerica.loc.gov, viewed November 6, 2013).</subfield></datafield><datafield ind1=" " ind2="0" tag="651"><subfield code="a">Vancouver (Wash.)</subfield><subfield code="v">Newspapers.</subfield></datafield><datafield ind1=" " ind2="7" tag="655"><subfield code="a">Newspapers.</subfield><subfield code="2">fast</subfield><subfield code="0">(OCoLC)fst01423814</subfield></datafield><datafield ind1=" " ind2="7" tag="651"><subfield code="a">Washington (State)</subfield><subfield code="z">Vancouver.</subfield><subfield code="2">fast</subfield><subfield code="0">(OCoLC)fst01206123</subfield></datafield><datafield ind1="1" ind2=" " tag="700"><subfield code="a">Daniels, W. Byron,</subfield><subfield code="d">1848-</subfield></datafield><datafield ind1=" " ind2=" " tag="752"><subfield code="a">United States</subfield><subfield code="b">Washington</subfield><subfield code="c">Clark</subfield><subfield code="d">Vancouver.</subfield></datafield><datafield ind1="0" ind2="8" tag="776"><subfield code="i">Originally issued in print:</subfield><subfield code="t">Vancouver independent</subfield><subfield code="x">2331-9658</subfield><subfield code="w">(DLC)sn 87093109</subfield><subfield code="w">(OCoLC)17023412</subfield></datafield><datafield ind1="1" ind2="7" tag="785"><subfield code="t">Vancouver chronicle (Vancouver, Wash. : 1905 : Online)</subfield></datafield><datafield ind1="1" ind2="7" tag="785"><subfield code="t">Vancouver independent chronicle (Online)</subfield></datafield><datafield ind1="4" ind2="0" tag="856"><subfield code="u">http://chroniclingamerica.loc.gov/lccn/sn87093109/issues</subfield></datafield></record>